@article{bulitko07,
  author    = {Vadim Bulitko and
               Nathan R. Sturtevant and
               Jieshan Lu and
               Timothy Yau},
  title     = {Graph Abstraction in Real-time Heuristic Search},
  journal   = {J. Artif. Intell. Res. (JAIR)},
  volume    = {30},
  year      = {2007},
  pages     = {51-100},
}

@Article{botea04,
author = {A Botea and M M\"uller and J Schaeffer},
title = {Near Optimal Hierarchical Path-Finding},
journal = {Journal of Game Development},
year = {2004},
volume = {1},
number={1},
pages = {7-28},
}

@inproceedings{sturtevant05,
  author    = {Nathan R. Sturtevant and
               Michael Buro},
  title     = {Partial Pathfinding Using Map Abstraction and Refinement},
  booktitle = {AAAI},
  year      = {2005},
  pages     = {1392-1397},
}

@Article{geraerts07, 
author = {R Geraerts and M Overmars},
title = {The corridor map method: a general framework for real-time high-quality path planning},
journal = {Computer Animation and Virtual Worlds},
year = {2007},
pages = {107-119},
}

@inproceedings{demyen07,
  author    = {Douglas Demyen and
               Michael Buro},
  title     = {Efficient Triangulation-Based Pathfinding},
  booktitle = {AAAI},
  year      = {2006},
  pages = {942-947},
}

@Book{latombe91,
author = {Latombe, J.C},
title = {Robot Motion Planning},
publisher = {Kluwer Academic Publishers},
year = {1991},
pages = {295-355}
}

@ARTICLE{astar, 
	author = {P E Hart and N J Nilsson and B Raphael},
	title = {A Formal Basis for the Heuristic Determination of Minimum Cost Paths},
	journal = {IEEE Transactions on Systems Science and Cybernetics},
	year = {1968},
	number = {4},
	pages = {100--107}
}
	

