/Users/dharabor/src/ddh/trunk/papers/references.bib