% This file was created with JabRef 2.8.
% Encoding: Cp1252

@inproceedings{Sankaranarayanan:2005,
 author = {Sankaranarayanan, Jagan and Alborzi, Houman and Samet, Hanan},
 title = {Efficient query processing on spatial networks},
 opt_booktitle = {Proceedings of the 13th annual ACM international workshop on Geographic information systems},
 booktitle = {ACM workshop on Geographic information systems},
 opt_series = {GIS '05},
 year = {2005},
 isbn = {1-59593-146-5},
 location = {Bremen, Germany},
 pages = {200--209},
 numpages = {10},
 url = {http://doi.acm.org/10.1145/1097064.1097093},
 doi = {http://doi.acm.org/10.1145/1097064.1097093},
 acmid = {1097093},
 opt_publisher = {ACM},
 opt_address = {New York, NY, USA},
 keywords = {SILC framework, location-based services, path coherence, query processing, spatial databases, spatial networks},
}

@article{DBLP:journals/jair/BulitkoBL10,
  author    = {Vadim Bulitko and
               Yngvi Bj{\"o}rnsson and
               Ramon Lawrence},
  title     = {Case-Based Subgoaling in Real-Time Heuristic Search for
               Video Game Pathfinding},
  journal   = {J. Artif. Intell. Res. (JAIR)},
  volume    = {39},
  year      = {2010},
  pages     = {269-300},
  ee        = {http://dx.doi.org/10.1613/jair.3076},
  bibsource = {DBLP, http://dblp.uni-trier.de}
}

@inproceedings{DBLP:conf/socs/Botea12,
  author    = {Adi Botea},
  title     = {Fast, Optimal Pathfinding with Compressed Path Databases},
  booktitle = {SOCS},
  year      = {2012},
  ee        = {http://www.aaai.org/ocs/index.php/SOCS/SOCS12/paper/view/5384},
  crossref  = {DBLP:conf/socs/2012},
  bibsource = {DBLP, http://dblp.uni-trier.de}
}

@proceedings{DBLP:conf/socs/2012,
  editor    = {Daniel Borrajo and
               Ariel Felner and
               Richard E. Korf and
               Maxim Likhachev and
               Carlos Linares L{\'o}pez and
               Wheeler Ruml and
               Nathan R. Sturtevant},
  title     = {Proceedings of the Fifth Annual Symposium on Combinatorial
               Search, SOCS 2012, Niagara Falls, Ontario, Canada, July
               19-21, 2012},
  booktitle = {SOCS},
  publisher = {AAAI Press},
  year      = {2012},
  bibsource = {DBLP, http://dblp.uni-trier.de}
}


@INPROCEEDINGS{abraham10,
  author = {Abraham, Ittai and Fiat, Amos and Goldberg, Andrew V. and Werneck,
	Renato F.},
  title = {Highway dimension, shortest paths, and provably efficient algorithms},
  booktitle = {Proceedings of the Twenty-First Annual ACM-SIAM Symposium on Discrete
	Algorithms},
  year = {2010},
  series = {SODA '10},
  pages = {782--793},
  address = {Philadelphia, PA, USA},
  publisher = {Society for Industrial and Applied Mathematics},
  location = {Austin, Texas},
  numpages = {12}
}

@INPROCEEDINGS{anderson10,
  author = {Kenneth Anderson},
  title = {Additive Heuristic for Four-Connected Gridworlds},
  booktitle = {SOCS},
  year = {2010},
  annote = { Describes a new heuristic for 4-connected grid maps based on abstraction.Map
	is decomposed into two graphs: contiguous vertical segments and contiguous
	horizontal.Search in abstract space gives a heuristic for low-level
	search. Combined with PDBs for speed.Quite fast in some benchmarks:
	29x on rooms, 7.5x on mazes, 4x on BG },
  ee = {http://aaai.org/ocs/index.php/SOCS/SOCS10/paper/view/2075}
}

@CONFERENCE{verolog2012,
  author = {L. Antsfeld and T. Walsh},
  title = {Incremental Updating of the Transit Algorithm},
  booktitle = { Vehicle Routing and Logistics Optimization (VeRoLog)},
  year = {2012},
  date-added = {2012-03-11 18:41:45 +1100},
  date-modified = {2012-03-12 16:04:34 +1100},
  keywords = {transit, update}
}

@INCOLLECTION{arts97,
  author = {E. Arts and J. H. M. Korst and P. J. M. Van Laarhoven},
  title = {Simulated annealing},
  booktitle = {Local Search and Combinatorial Optimization},
  publisher = {John Wiley \& Sons},
  year = {1997},
  editor = {E. Arts and J. Lenstra},
  pages = {91-120},
  address = {Chichester}
}

@INPROCEEDINGS{bast06,
  author = {Holger Bast and Stefan Funke and Domagoj Matijevic},
  title = {TRANSIT Ultrafast Shortest-Path Queries with Linear-Time Preprocessing},
  booktitle = {In 9th DIMACS Implementation Challenge},
  year = {2006},
  annote = {Applies a grid over roadmaps. Identifies nearby exit nodes for all
	locations inside a tile (transit nodes). Computes an APSPfor all
	transit nodes and also caches some data for how to quickly reach
	the local set of transit nodes for each tile.Really fast. Doesn't
	cope well with path symmetries. Needs to revert to Dijkstra if optimal
	path does is local (not involve any transit nodes)}
}

@INPROCEEDINGS{slaney10,
  author = {Andreas Bauer and Viorica Botea and Mark Brown and Matt Gray and
	Daniel Harabor and John K. Slaney},
  title = {An Integrated Modelling, Debugging, and Visualisation Environment
	for G12},
  booktitle = {CP},
  year = {2010},
  pages = {522-536}
}

@CONFERENCE{berge57,
  author = {Claude Berge},
  title = {Two Theorems in Graph Theory},
  booktitle = {National Academy of Science},
  year = {1957},
  volume = {43},
  pages = {842-844},
  annote = {This is a really neat paper outlining Berge's Theorem of maximal
	machings. The theorem states that a matching is maximum if there
	does not exist an alternating path connecting a neutral point to
	another (i.e. no augmented path is possible in the graph).
	
	},
  date-added = {2009-02-28 01:49:13 +1100},
  date-modified = {2009-02-28 02:08:43 +1100},
  keywords = {matching}
}

@INPROCEEDINGS{bjornsson05,
  author = {Yngvi Bj{\"o}rnsson and Markus Enzenberger and Robert C. Holte and
	Jonathan Schaeffer},
  title = {Fringe Search: Beating {A}* at Pathfinding on Game Maps},
  booktitle = {CIG'05},
  year = {2005},
  pages = {125--132}
}

@INPROCEEDINGS{bjornsson06,
  author = {Yngvi Bj{\"o}rnsson and K{\'a}ri Halld{\'o}rsson},
  title = {Improved Heuristics for Optimal Path-finding on Game Maps},
  booktitle = {AIIDE},
  year = {2006},
  pages = {9-14},
  bibsource = {DBLP, http://dblp.uni-trier.de}
}

@MISC{bolanca09,
  author = {Martin Bolanca},
  title = {Achieving Fast and Optimal Pathfinding through the use of Macro Steps
	in Obstacle Free Areas},
  howpublished = {Australian National University Honours Thesis},
  year = {2009}
}

@INPROCEEDINGS{botea11,
  author = {Adi Botea},
  title = {Ultra-Fast Optimal Pathfinding without Runtime Search},
  booktitle = {AIIDE},
  year = {2011},
  annote = {Compressed first-move database using homogeneous rectangles. Up to
	700x faster than A* on BG domain.},
  ee = {http://www.aaai.org/ocs/index.php/AIIDE/AIIDE11/paper/view/4050}
}

@ARTICLE{botea04,
  author = {A Botea and M M\"uller and J Schaeffer},
  title = {Near Optimal Hierarchical Path-Finding},
  journal = {J. Game Dev.},
  year = {2004},
  volume = {1},
  pages = {7-28},
  number = {1},
  annote = {HPA* paper},
  date-modified = {2010-01-05 16:55:20 +1100},
  keywords = {pathfinding}
}

@ARTICLE{bulitko07,
  author = {Vadim Bulitko and Nathan R. Sturtevant and Jieshan Lu and Timothy
	Yau},
  title = {Graph Abstraction in Real-time Heuristic Search},
  journal = {J. Artif. Intell. Res. (JAIR)},
  year = {2007},
  volume = {30},
  pages = {51-100},
  date-modified = {2010-01-05 16:54:48 +1100},
  keywords = {pathfinding}
}

@INPROCEEDINGS{Cazenave:06,
  author = {Tristan Cazenave},
  title = {Optimizations of data structures, heuristics and algorithms for path-finding
	on maps},
  booktitle = {CIG},
  year = {2006},
  pages = {27--33}
}

@INCOLLECTION{champandard09,
  author = {Alex Champandard},
  title = {Modern Pathfinding Techniques},
  booktitle = {AIGameDev.com},
  year = {2009},
  annote = {Discussion on various challenges related to pathfinding in games.
	Mentions related problems too like reachability, distance-to-object
	and so on. Lots of great stuff!}
}

@BOOK{choset05,
  title = {Principles of Robot Motion: Theory, Algorithms, and Implementations},
  publisher = {{MIT Press}},
  year = {2005},
  author = {Choset, Howie and Lynch, Kevin M. and Hutchinson, Seth and Kantor,
	George and Burgard, Wolfram and Kavraki, Lydia E. and Thrun, Sebastian}
}

@ARTICLE{clarke64,
  author = {G. Clarke and J. Wright},
  title = {Scheduling of vehicles from a central depot to a number of delivery
	points},
  journal = {Operations Research},
  year = {1964},
  volume = {12},
  pages = {568-581},
  number = {4},
  annote = {Describes the famous savings algorithm for tour construction. Each
	customer starts out on a unique tour and tours are merged if an overall
	cost saving results. NB: assumes the number of vehicles is not fixed.}
}

@BOOK{cormen01,
  title = {Introduction to Algorithms},
  publisher = {{MIT} Press},
  year = {2001},
  author = {Thomas H Cormen and Charles E Leiserson and Ronald L Rivest and Clifford
	Stein},
  address = {Cambridge, {MA}},
  edition = {Second},
  isbn = {0-262-03293-7},
  keywords = {algorithms}
}

@ARTICLE{croes58,
  author = {G. A. Croes},
  title = {A method for solving traveling salesman problems},
  journal = {Operations Research},
  year = {1958},
  volume = {6},
  pages = {791-812},
  annote = {Original paper describing the 2-opt method. Given a tour, two edges
	that cross are removed and reordered so they do not.},
  date-modified = {2010-01-05 16:50:22 +1100},
  keywords = {tsp}
}

@INPROCEEDINGS{culberson96,
  author = {Joseph C. Culberson and Jonathan Schaeffer},
  title = {Searching with Pattern Databases},
  booktitle = {Canadian Conference on AI},
  year = {1996},
  pages = {402-416},
  annote = {The original PDB paper. Defines patterns as partial specifications
	of the goal state. i.e. a subset of the goal variables. In the case
	of the 15 puzzle, a partial specification is a subset of the tiles
	(say, {1, 2, 3, 4}). A PDB then is a database that contains, for
	all possible arrangements (== assignments) of these variables, an
	exact cost for moving them all back to the goal position. The PDB
	is then used as a more accurate heuristic during search. To reduce
	the size of PDBs, patterns that are mirrors of each other (diagonal,
	horizontal or vertical reflections) are combined together. 1038x
	reduction in node expansions but only 12x search time reduction (node
	expansions are more expensive vs simpler Manhattan heuristic; lookups
	are needed etc).},
  ee = {http://dx.doi.org/10.1007/3-540-61291-2_68}
}

@ARTICLE{nash10,
  author = {Kenny Daniel and Alex Nash andSven Koenig and Ariel Felner},
  title = {Theta*: Any-Angle Path Planning on Grids},
  journal = {J. Artif. Intell. Res. (JAIR)},
  year = {2010},
  volume = {39},
  pages = {533-579}
}

@ARTICLE{dantzig54,
  author = {G. B. Dantzig and R. Fulkerson and S. M. Johnson},
  title = {Solution of a large-scale traveling salesman problem},
  journal = {Operations Research},
  year = {1954},
  pages = {393-410},
  annote = {Classic ILP formulation for systematically solving TSPs}
}

@INPROCEEDINGS{davis00,
  author = {Ian Lane Davis},
  title = {Warp Speed: Path Planning for {S}tar {T}rek {A}rmada},
  booktitle = {AAAI Spring Symposium (AIIDE)},
  year = {2000},
  pages = {18-21}
}

@TECHREPORT{natural_cuts,
  author = {Daniel Delling and Andrew V. Goldberg and Ilya Razenshteyn and and
	Renato F. Werneck},
  title = {Graph Partitioning with Natural Cuts.},
  institution = {Microsoft},
  year = {2010},
  type = {Technical Report},
  annote = {Graph Partitioning with Natural Cuts.},
  date-added = {2010-12-01 19:23:15 +1100},
  date-modified = {2010-12-01 19:25:52 +1100},
  keywords = {graph, partition}
}

@INPROCEEDINGS{demyen07,
  author = {Douglas Demyen and Michael Buro},
  title = {Efficient Triangulation-Based Pathfinding},
  booktitle = {AAAI},
  year = {2006},
  pages = {942-947},
  date-modified = {2010-01-05 16:54:06 +1100},
  keywords = {pathfinding}
}

@ARTICLE{nelson93,
  author = {John F. Dillenburg and Peter C. Nelson},
  title = {Perimeter search},
  journal = {Artificial Intelligence},
  year = {1994},
  volume = {65},
  pages = {165 - 178},
  number = {1}
}

@INPROCEEDINGS{edelkamp98,
  author = {Stefan Edelkamp and Richard E. Korf},
  title = {The Branching Factor of Regular Search Spaces},
  booktitle = {AAAI/IAAI},
  year = {1998},
  pages = {299-304},
  annote = { Presents analytically and numerically derived methods forcomputing
	the asymptotic branching factor of regular search spaceswhich contain
	different kinds of nodes. }
}

@ARTICLE{felner07,
  author = {Ariel Felner and Richard E. Korf and Ram Meshulam and Robert C. Holte},
  title = {Compressed Pattern Databases},
  journal = {J. Artif. Intell. Res. (JAIR)},
  year = {2007},
  volume = {30},
  pages = {213-247},
  annote = {Discusses lossy and lossless compression techniques. The most interesting
	include: a lossy compression scheme that maps to the same index two
	patterns if they only differ in the value of some least-signficant
	variable (assuming some lex-order on the variables in the pattern),
	a lossless compression scheme that maps cliques of similar patterns
	to a single index (usually the min-cost pattern in the set) + the
	number of moves needed to reach any other pattern in the clique (seems
	like you need to know/compute also the local clique of each pattern
	with this approach). Finally, delta-PDBs are proposed, which only
	store deltas between a pattern and some standard heuristic like Manhattan
	distance.}
}

@INPROCEEDINGS{felner09,
  author = {Ariel Felner and Nathan R. Sturtevant},
  title = {Abstraction-Based Heuristics with True Distance Computations},
  booktitle = {SARA},
  year = {2009}
}

@INPROCEEDINGS{fox99,
  author = {Maria Fox and Derek Long},
  title = {The Detection and Exploitation of Symmetry in Planning Problems},
  booktitle = {IJCAI},
  year = {1999},
  pages = {956-961}
}

@INPROCEEDINGS{fukunaga08,
  author = {Alex S. Fukunaga},
  title = {Integrating Symmetry, Dominance, and Bound-and-Bound in a Multiple
	Knapsack Solver},
  booktitle = {CPAIOR},
  year = {2008},
  pages = {82-96}
}

@ARTICLE{funke05,
  author = {Birger Funke and Tore Gr{\"u}nert and Stefan Irnich},
  title = {A Note on Single Alternating Cycle Neighborhoods for the TSP },
  journal = {Journal of Heuristics},
  year = {2005},
  volume = {11},
  pages = {135-146},
  number = {2},
  month = {March},
  annote = {Supposedly has theoretical results showing LK is a subset of Glover's
	ECs.},
  date-added = {2009-03-17 23:31:27 +1100},
  date-modified = {2009-03-17 23:33:56 +1100},
  keywords = {tsp, ejectionchains, toread}
}

@ARTICLE{gamboa06,
  author = {D. Gamboa and C. Rego and F. Glover},
  title = {Implementation analysis of efficient algorithms for the traveling
	salesman problem},
  journal = {Computers and Operations Research},
  year = {2006},
  pages = {1154-1172},
  number = {33},
  date-added = {2009-03-12 15:59:37 +1100},
  date-modified = {2009-03-12 16:02:36 +1100},
  keywords = {tsp, ejectionchains, toread}
}

@INPROCEEDINGS{geisberger08,
  author = {Geisberger, R. and Sanders, P. and Schultes, D. and Delling, D.},
  title = {Contraction Hierarchies: Faster and Simpler Hierarchical Routing
	inRoad Networks},
  booktitle = {WEA},
  year = {2008},
  pages = {319-333}
}

@INPROCEEDINGS{gent00,
  author = {Ian P. Gent and Barbara M. Smith},
  title = {Symmetry Breaking in Constraint Programming},
  booktitle = {ECAI},
  year = {2000},
  pages = {599-603}
}

@ARTICLE{geraerts07,
  author = {R Geraerts and M Overmars},
  title = {The corridor map method: a general framework for real-time high-quality
	path planning},
  journal = {Computer Animation and Virtual Worlds},
  year = {2007},
  pages = {107-119},
  annote = {Corridor Map Method is a roadmap based path planner that combines
	reachability roadmaps with local potential field approaches to deal
	with dynamic obstacles and solve the coherent group movement problem.}
}

@CONFERENCE{geraerts05,
  author = {Roland Geraerts and Mark H. Overmars},
  title = {Creating Small Roadmaps for Solving Motion Planning Problems},
  booktitle = {EEE International Conference on Methods and Models in Automation
	and Robotics },
  year = {2005},
  pages = {531-536},
  annote = {Describes a roadmap method which is complete. Method uses discretisation
	of the map into a low resolution grid and proceeds to place "guard"
	points (mostly along the medial axis) until the set of guards can
	see every traversable cell. Guards become connected to form a roadmap
	and the roadmap is reduced to a (rather small) Minimium Spanning
	Tree. Very neat stuff!},
  date-added = {2009-03-04 12:17:34 +1100},
  date-modified = {2009-03-12 16:04:46 +1100},
  keywords = {pathfinding, roadmaps}
}

@INCOLLECTION{glover92,
  author = {F. Glover},
  title = {New ejection chain and alternating path methods for traveling salesman
	problems},
  booktitle = {Computer Science and Operations Research: New developments in their
	Interfaces},
  publisher = {Pergamon Press},
  year = {1992},
  editor = {O. Balci and R. Sharda and S. A. Zenios},
  pages = {449-509},
  address = {Oxford},
  annote = {Book info: ISBN-10: 0080408060 ISBN-13: 978-0080408064
	
	Selected papers from the Conference "Computer Science and Operations
	Research: New Developments in Their Interfaces" held on 8 - 10 January
	1992 in Williamsburg, Virginia
	
	Not sure but this could be very similar to glover96. Seems to cover
	the same ground.
	
	There is also a paper with the same title as glover96 but dated to
	1992. This is an extended (137 page) version of the 96 paper. It
	includes extra things like a proof that there exists a first order
	delete\add simple path connecting any tour to any other.},
  date-added = {2009-03-16 17:34:11 +1100},
  date-modified = {2010-01-05 17:40:52 +1100},
  keywords = {ejectionchains, tsp}
}

@ARTICLE{glover96,
  author = {Fred Glover},
  title = {Ejection Chains, reference structures and alternating path methods
	for traveling salesman problems},
  journal = {Discrete Applied Mathematics},
  year = {1996},
  volume = {65},
  pages = {223-253},
  annote = {Ejection chains are move operators for solving combinatorial problems.
	Given a TSP, the method selects a subpath in the tour and uses it
	to create an infeasible reference structure from which other feasible
	solutions can be created in a single step. This paper describes several
	different ejection-chain based reference structures: stem-and-cycle,
	doubly-rooted structures and stem-and-multicycle.},
  bdsk-file-1 = {YnBsaXN0MDDUAQIDBAUGCQpYJHZlcnNpb25UJHRvcFkkYXJjaGl2ZXJYJG9iamVjdHMSAAGGoNEHCFRyb290gAFfEA9OU0tleWVkQXJjaGl2ZXKoCwwXGBkdJCVVJG51bGzTDQ4PEBEUViRjbGFzc1dOUy5rZXlzWk5TLm9iamVjdHOAB6ISE4ACgAOiFRaABIAGWWFsaWFzRGF0YVxyZWxhdGl2ZVBhdGjSDRobHFdOUy5kYXRhgAVPEQHMAAAAAAHMAAIAAAxNYWNpbnRvc2ggSEQAAAAAAAAAAAAAAAAAAADCWSTVSCsAAAA2kK8cZ2xvdmVyOTYgZWplY3Rpb24gY2hhaW5zLnBkZgAAAAAAAAAAAAAAAAAAAAAAAAAAAAAAAAAAAAAAAAAAAAAAAEVZDcXMfrAAAAAAAAAAAAAGAAQAAAkgAAAAAAAAAAAAAAAAAAAAA3ZycAAAEAAIAADCWJg1AAAAEQAIAADFy+QAAAAAAQAUADaQrwA2j+oANoN/ABxP6gAAcEIAAgBLTWFjaW50b3NoIEhEOlVzZXJzOmRoYXJhYm9yOmRyb3Bib3g6cGFwZXJzOnZycDpnbG92ZXI5NiBlamVjdGlvbiBjaGFpbnMucGRmAAAOADoAHABnAGwAbwB2AGUAcgA5ADYAIABlAGoAZQBjAHQAaQBvAG4AIABjAGgAYQBpAG4AcwAuAHAAZABmAA8AGgAMAE0AYQBjAGkAbgB0AG8AcwBoACAASABEABIAPlVzZXJzL2RoYXJhYm9yL2Ryb3Bib3gvcGFwZXJzL3ZycC9nbG92ZXI5NiBlamVjdGlvbiBjaGFpbnMucGRmABMAAS8AABUAAgAP//8AANIeHyAhWCRjbGFzc2VzWiRjbGFzc25hbWWjISIjXU5TTXV0YWJsZURhdGFWTlNEYXRhWE5TT2JqZWN0XxBBLi4vLi4vLi4vLi4vLi4vLi4vZHJvcGJveC9wYXBlcnMvdnJwL2dsb3Zlcjk2IGVqZWN0aW9uIGNoYWlucy5wZGbSHh8mJ6InI1xOU0RpY3Rpb25hcnkACAARABoAHwApADIANwA6AD8AQQBTAFwAYgBpAHAAeACDAIUAiACKAIwAjwCRAJMAnQCqAK8AtwC5AokCjgKXAqICpgK0ArsCxAMIAw0DEAAAAAAAAAIBAAAAAAAAACgAAAAAAAAAAAAAAAAAAAMd},
  date-added = {2009-02-26 17:11:58 +1100},
  date-modified = {2009-03-12 19:10:50 +1100},
  keywords = {vrp, ejectionchains},
  read = {Yes}
}

@TECHREPORT{glover91,
  author = {F. Glover},
  title = {Multilevel Tabu Search and embedded search neighborhoods for the
	traveling salesman problem},
  institution = {Graduate School of Business, University of Colorado at Boulder},
  year = {1991},
  type = {Technical Report},
  annote = {Original paper describing node-based ejection chains.},
  date-added = {2009-03-15 19:23:15 +1100},
  date-modified = {2009-03-15 19:25:52 +1100},
  keywords = {toread, ejectionchains, vrp, tsp}
}

@BOOK{glover97,
  title = {Tabu Search},
  publisher = {Springer},
  year = {1997},
  author = {F. Glover and M. Laguna}
}

@ARTICLE{glover06,
  author = {F. Glover and C. Rego},
  title = {Ejection Chain and Filter-and-Fan Methods in Combinatorial Optimization},
  journal = {4OR: A Quarterly Journal of Operations Research},
  year = {2006},
  volume = {4},
  pages = {263-296},
  number = {4},
  date-added = {2009-03-17 22:45:42 +1100},
  date-modified = {2009-03-17 23:08:59 +1100},
  keywords = {ejectionchains, tsp, vrp, toread}
}

@INPROCEEDINGS{goldberg06,
  author = {A.V. Goldberg and Haim Kaplan and Renato F. Werneck},
  title = {Reach for A*: Efficient Point-to-Point Shortest Path Algorithms},
  booktitle = {ALENEX},
  year = {2006}
}

@INPROCEEDINGS{goldberg05,
  author = {Andrew V. Goldberg and Chris Harrelson},
  title = {Computing the shortest path: A* search meets graph theory},
  booktitle = {SODA},
  year = {2005},
  pages = {156-165},
  annote = {Using landmarks to compute optimal paths},
  bibsource = {DBLP, http://dblp.uni-trier.de},
  ee = {http://doi.acm.org/10.1145/1070432.1070455}
}

@BOOK{goldberg89,
  title = {Genetic Algorithms in Search, Optimization and Machine Learning},
  publisher = {Addison Wesley},
  year = {1989},
  author = {D. E. Goldberg},
  address = {Reading}
}

@INPROCEEDINGS{goldenberg10,
  author = {Meir Goldenberg and Ariel Felner and Nathan Sturtevant and JonathanSchaeffer},
  title = {Portal-Based True-Distance Heuristics for Path Finding},
  booktitle = {SoCS},
  year = {2010}
}

@BOOK{gutin02,
  title = {The Traveling Salesman Problem and Its Variations},
  publisher = {Kluwer Academic Publishers},
  year = {2002},
  author = {Gregory Gutin and Abraham Punnen and Alexander Barvinok and Edward
	Kh. Gimadi and Anatoliy I. Serdyukov},
  date-modified = {2010-01-28 01:36:23 +1100},
  keywords = {tsp,ejectionchain,lp}
}

@INPROCEEDINGS{harabor11c,
  author = {D. Harabor},
  title = {Graph Pruning and Symmetry Breaking On Grid Maps},
  booktitle = {IJCAI Doctoral Consortium},
  year = {2011}
}

@INPROCEEDINGS{harabor10,
  author = {D. Harabor and A. Botea},
  title = {Breaking Path Symmetries in 4-connected Grid Maps},
  booktitle = {AIIDE},
  year = {2010},
  pages = {33-38}
}

@INPROCEEDINGS{harabor08,
  author = {D. Harabor and A. Botea},
  title = {Hierarchical path planning for multi-size agents in heterogeneous
	environments},
  booktitle = {CIG'08},
  year = {2008},
  date-modified = {2010-01-05 16:55:02 +1100},
  keywords = {pathfinding}
}

@INPROCEEDINGS{harabor11a,
  author = {Daniel Damir Harabor and Adi Botea and Philip Kilby},
  title = {Path Symmetries in Undirected Uniform-Cost Grids},
  booktitle = {SARA},
  year = {2011},
  ee = {http://www.aaai.org/ocs/index.php/SARA/SARA11/paper/view/4243}
}

@INPROCEEDINGS{harabor11b,
  author = {D. {Harabor} and {\relax Al}. {Grastien}},
  title = {Online graph pruning for pathfinding on grid maps},
  booktitle = {25th Conference on Artificial Intelligence (AAAI-11)},
  year = {2011}
}

@ARTICLE{hart68,
  author = {P E Hart and N J Nilsson and B Raphael},
  title = {A Formal Basis for the Heuristic Determination of Minimum Cost Paths},
  journal = {IEEE Transactions on Systems Science and Cybernetics},
  year = {1968},
  pages = {100--107},
  number = {4},
  date-modified = {2010-01-05 16:50:11 +1100},
  keywords = {pathfinding, heuristics}
}

@INCOLLECTION{karp70,
  author = {M. Held and R. Karp},
  title = {The traveling salesman problem and minimum spanning trees},
  booktitle = {Operations Research},
  year = {1970},
  volume = {18},
  number = {6},
  pages = {1138-1162},
  annote = {Describes the 1-Tree lowerbound for TSPs. Discusses minimising the
	"gap" between the lowerbound and optimal tour.Proposes a formulation
	that weights the nodes of the TSP and then uses a variety of column
	generation,IP and B\&B techniques to minimise the gap by penalising
	nodes with degree > 2 and rewaring nodes with degree < 2},
  date-added = {2010-01-05 17:29:38 +1100},
  date-modified = {2010-01-05 17:39:35 +1100},
  keywords = {tsp, lp, heuristics}
}

@INPROCEEDINGS{helmert08,
  author = {Malte Helmert and Gabriele R{\"o}ger},
  title = {How Good is Almost Perfect?},
  booktitle = {AAAI},
  year = {2008},
  pages = {944-949},
  bibsource = {DBLP, http://dblp.uni-trier.de}
}

@BOOK{garey79,
  title = {Computers and intractability: A guide to the theory of NP-completeness},
  publisher = {Freeman},
  year = {1979},
  author = {M.R. Garey \& D.S. Johnson},
  address = {San Francisco},
  annote = {Proof of Hamiltonian Cycle (and hence TSP) being NP-hard},
  date-modified = {2010-01-05 16:53:33 +1100},
  keywords = {complexity}
}

@INPROCEEDINGS{jurney07,
  author = {Chris Jurney},
  title = {Dealing with Destruction},
  booktitle = {Game Developers Conference (GDC)},
  year = {2007}
}

@CONFERENCE{kamphuis04b,
  author = {A. Kamphuis and D. Nieuwenhuisen},
  title = {Automatic Construction of Roadmaps for Path Planning in Games},
  booktitle = {nternational Conference on Computer Games: Artificial Intelligence,
	Design and Education},
  year = {2004},
  pages = {285-292},
  date-added = {2009-03-11 18:41:45 +1100},
  date-modified = {2009-03-12 16:04:34 +1100},
  keywords = {pathfinding, roadmaps}
}

@CONFERENCE{kamphuis04,
  author = {A. Kamphuis and M. Overmars},
  title = {Finding Paths for Coherent Groups Using Clearance},
  booktitle = {Eurographics/SIGGRAPH Symposium on Computer Animation (SCA'04)},
  year = {2004},
  editor = {R. Boulic and D. K. Pai},
  pages = {19-28},
  annote = {Describes a method for group-based pathfinding using PRM and clearances.
	Coherence is maintained using a maximum lateral dispersion parameter
	(usually the width of the corridor) and a maximum longitudinal dispersion
	(distance between first and last unit in group). Potential forces
	used to keep the agents from bumping into each other while pathfinding
	together.
	
	Similar to flocking but the group does not break up when encountering
	pointy convex obstacles.},
  date-added = {2009-03-08 13:23:23 +1100},
  date-modified = {2009-03-12 16:04:52 +1100},
  keywords = {pathfinding, roadmaps}
}

@CONFERENCE{kavraki94,
  author = {L. Kavraki and J. C. Latombe},
  title = {Randomized Preprocessing of Configuration Space for Fast Path Planning},
  booktitle = {IEEE Conference on Robotics and Automation (ICRA'94)},
  year = {1994},
  pages = {2138-2146},
  annote = {Original PRM paper. Describes sampling a configuration space and
	using a simple planner to connect nearby points in order to construct
	a graph. },
  date-added = {2009-03-08 13:30:53 +1100},
  date-modified = {2009-03-12 16:04:57 +1100},
  keywords = {pathfinding, roadmaps}
}

@INCOLLECTION{kilby06,
  author = {P. Kilby and P. Shaw},
  title = {Vehicle Routing},
  booktitle = {Handbook of Constraint Programming},
  publisher = {Elsevier},
  year = {2006},
  editor = {F. Rossi and P. Van Beek and T. Walsh},
  series = {Foundations of Artificial Intelligence},
  chapter = {23},
  pages = {801-836},
  annote = {Overview of VRPs. Systematic methods, Local search approaches, meta-heuristics
	for avoiding local minima. Also features a nice section on formulating
	VRPs as CSPs ad using pure CP and hybrid CP/OR approaches for solving
	the problem. Explicit mention of challenges introduced by side constraints
	and dynamic operation (some typical examples of constraints are given).}
}

@ARTICLE{koenig05,
  author = {Sven Koenig and Maxim Likhachev},
  title = {Fast replanning for navigation in unknown terrain},
  journal = {IEEE Transactions on Robotics},
  year = {2005},
  volume = {21},
  pages = {354-363},
  number = {3},
  annote = {Describes D* Lite, an extension of LPA* that keeps costs from the
	goal vertex rather than the start. This allows a robot to execute
	aplan then replan if the environment changes and the path becomes
	blocked. Like LPA*, the replanning is efficientbecause distances
	from the goal are kept between searches.}
}

@INPROCEEDINGS{koenig01,
  author = {Sven Koenig and Maxim Likhachev},
  title = {Incremental A*},
  booktitle = {NIPS},
  year = {2001},
  pages = {1539-1546},
  annote = {Quickly replan paths after changes to the environment. Propagates
	cost changes and only re-expandsaffected nodes. Efficient. }
}

@INPROCEEDINGS{korf98,
  author = {R Korf and M Reid},
  title = {Complexity analysis of admissible heuristic search},
  booktitle = {AAAI: Proceedings of the AAAI Conference on Artificial Intelligence},
  year = {1998},
  pages = {305--310},
  annote = { An admissible heuristic function reduces the effective depth of
	search, rather than the effective branching factor},
  date-modified = {2010-01-04 20:17:46 +1100},
  keywords = {heuristics, pathfinding}
}

@ARTICLE{korf02,
  author = {Richard E. Korf and Ariel Felner},
  title = {Disjoint pattern database heuristics},
  journal = {Artif. Intell.},
  year = {2002},
  volume = {134},
  pages = {9-22},
  number = {1-2},
  annote = { Proposes an additive heuristic which is computed as the sum of heuristic
	values from multiple disjoint PDBs. },
  doi = {http://dx.doi.org/10.1016/S0004-3702(01)00092-3}
}

@ARTICLE{land60,
  author = {A. Land and A. Doig},
  title = {An Automatic Method of Solving Discrete Programming Problems},
  journal = {Econometrica},
  year = {1960},
  volume = {28},
  pages = {497},
  annote = {Original Branch-and-bound algorithm (apparently MIP based)},
  date-modified = {2010-01-05 17:38:49 +1100},
  keywords = {lp}
}

@ARTICLE{laporte92,
  author = {Laporte, G.},
  title = {The traveling salesman problem: an overview of exact and approximate
	algorithms},
  journal = {European Journal of Operational Research},
  year = {1992},
  volume = {52},
  pages = {231-247},
  number = {2},
  annote = {Shows TSP is NP-hard by reduction to Hamiltonian Circuit problem}
}

@ARTICLE{laporte01,
  author = {G. Laporte and F. Semet},
  title = {Classical heuristics for the capacitated VRP},
  year = {2001},
  pages = {109--128},
  address = {Philadelphia, PA, USA},
  book = {The vehicle routing problem},
  date-modified = {2010-01-05 16:53:17 +1100},
  keywords = {vrp},
  publisher = {Society for Industrial and Applied Mathematics}
}

@BOOK{latombe91,
  title = {Robot Motion Planning},
  publisher = {Kluwer Academic Publishers},
  year = {1991},
  author = {Latombe, J.C},
  pages = {295-355},
  annote = {First description of the Brushfire annotation algorothm. },
  date-modified = {2010-01-05 16:56:15 +1100},
  keywords = {pathfinding}
}

@INPROCEEDINGS{lee09,
  author = {Jae-Yeong Lee and Wonpil Yu},
  title = {A coarse-to-fine approach for fast path finding for mobile robots},
  booktitle = {IROS},
  year = {2009},
  pages = {5414 -5419},
  annote = {Exceedingly similar to HAA* }
}

@INPROCEEDINGS{antsfeld12,
  author = {Leonid Antsfeld and Daniel Harabor and Philip Kilby and Toby Walsh},
  title = {TRANSIT Routing on Video Game Maps},
  booktitle = {AIIDE},
  year = {2012},
  journal = {AIIDE},
}

@INPROCEEDINGS{likitvi04,
  author = {C. Likitvivatanavong and YL. Zhang and J. Bowen and E.C. Freuder},
  title = {Arc Consistency in {MAC}: A new perspective},
  booktitle = {Proceedings Constraint Propagation and Implementation, first International
	workshop Toronto, Canada},
  year = {2004},
  editor = {M.R.C. van Dongen},
  pages = {93-108},
  month = {September},
  annote = {30pct faster AC checking by caching the results of previous checks
	for pairs of values. A further 2x speedup enhancement keeps a pointerto
	the last identified support in a domain. The next check begins from
	the pointed-to value instead of the first value in the domain(minimises
	re-identifiction of non-supports).}
}

@ARTICLE{lk73,
  author = {S. Lin and B. W. Kernighan},
  title = {An effective heuristic algorithm for the traveling salesman problem},
  journal = {Operations Research},
  year = {1973},
  volume = {21},
  pages = {498--516},
  annote = {Describes the Lin \& Kernighan alternating path move operator (precursor
	to ejection chains)},
  date-modified = {2010-01-05 16:53:02 +1100},
  keywords = {tsp, ejectionchains}
}

@ARTICLE{liu92,
  author = {Liu, Yun-Hui and Arimoto, Suguru},
  title = {Path planning using a tangent graph for mobile robots among polygonal
	and curved obstacles},
  journal = {Int. J. Rob. Res.},
  year = {1992},
  volume = {11},
  pages = {376--382},
  month = {August},
  address = {Thousand Oaks, CA, USA},
  annote = {Describes tangent graphs: an improvement over visibility graphs.
	Better than young01b, this method alsoworks for curved obstacles.},
  doi = {10.1177/027836499201100409},
  issn = {0278-3649},
  issue = {4},
  numpages = {7},
  publisher = {Sage Publications, Inc.}
}

@INCOLLECTION{margot09,
  author = {Margot, F.},
  title = {Symmetry In Integer Linear Programming},
  booktitle = {50 Years of Integer Programming},
  publisher = {Springer},
  year = {2009},
  editor = {M. J\"{u}mnger and T. Liebling and D. Naddef and G. Nemhauser and
	W. Pulleyblank and G. Reinelt and G. Rinaldi and L. Wolsey},
  pages = {647-681}
}

@ARTICLE{mitchell87,
  author = { Joseph S. B. Mitchell and David M. Mount and Christos H. Papadimitriou
	},
  title = {The Discrete Geodesic Problem},
  journal = { SIAM J. Comput. },
  year = {1987},
  volume = {16},
  pages = {647-668},
  number = {4},
  annote = {Describes an optimal alg for pathfinding across the surface of an
	arbitrary (possibly non-convex) polyhedron.The surface is triangulated.
	Search involves computing and propagating "intervals of optimalty"
	acrossthe face of each triangle in order to find a path to any point
	along a triangle edge.The intervals are also propagated inside the
	triangle; creating divisions of points which are optimally reached
	onlythrough some given interval.If the search is exhaustive (==considers
	every edge-face pair) the result is a discrete data structurefor
	efficiently extracting the path and distance-to any target from a
	fixed start location.Each such query runs in time O(k + log(n)).
	O(n^2*log(n)) is needed to run the interval search howeverand O(n^2)
	space to store the data structure. Seriously nice result here. SSSP
	for continuous environments! },
  doi = {http://dx.doi.org/10.1137/0216045}
}

@ARTICLE{mitchell91,
  author = {Mitchell, Joseph S. B. and Papadimitriou, Christos H.},
  title = {The weighted region problem: finding shortest paths through a weighted
	planar subdivision},
  journal = {J. ACM},
  year = {1991},
  volume = {38},
  pages = {18--73},
  number = {1},
  month = jan,
  annote = {Generalises mitchell87 to weighted planar maps. Uses Snell's Law
	of Refraction for computing localoptimality. Also supports zero-cost
	regions.},
  doi = {10.1145/102782.102784},
  publisher = {ACM}
}

@BOOK{pearl84,
  title = {Heuristics: intelligent search strategies for computer problem solving},
  publisher = {Addison-Wesley},
  year = {1984},
  author = {Judea Pearl},
  address = {Boston, MA, USA}
}

@INPROCEEDINGS{pochter11,
  author = {Nir Pochter and Aviv Zohar andJeffrey S. Rosenschein},
  title = {Exploiting Problem Symmetries in State-Based Planners},
  booktitle = {AAAI},
  year = {2011},
  annote = {Symmetry breaking method using path automorphisms. Creates a graph
	from a static problem description and computes automorphisms for
	it. The problem graph is then used to identify state symmetries during
	search. Only automorphisms that stabilise (i.e. are invariant wrt)
	the start and goal state are considered. Additional "shallow" pruning
	also identifies symmetric children of the current state using a similar
	approach. A canonical form for describing states is used to speed
	up symmetric state identification (without this identification is
	hard: each state has many automorphisms, each needs to be compared
	to every node on open + closed). Paper nicely explained but poorly
	structured paper. Results are OK but other types of symmetries not
	considered (e.g. partial orders). },
  ee = {http://www.aaai.org/ocs/index.php/AAAI/AAAI11/paper/view/3732}
}

@INPROCEEDINGS{pochter10,
  author = {N. Pochter and A. Zohar andJ. S. Rosenschein and A. Felner },
  title = {Search Space Reduction Using Swamp Hierarchies},
  booktitle = {AAAI},
  year = {2010}
}

@INPROCEEDINGS{pochter09,
  author = {Nir Pochter and Aviv Zohar and Jeffrey S. Rosenschein},
  title = {Using Swamps To Improve Optimal Pathfinding},
  booktitle = {AAMAS},
  year = {2009},
  pages = {1163-1164}
}

@INCOLLECTION{pohl77,
  author = {Ira Pohl},
  title = {Practical and theoretical considerations in heuristic search algorithms},
  booktitle = {Machine Intelligence 8},
  publisher = {Ellis Horwood Ltd and John Wiley \& Sons},
  year = {1977},
  editor = {E. W. Elcock and D. Michie},
  annote = {1. Outlines HPA - a weighted A* variant.2. Gives an early characterisation
	of heurisitic function performance in the presence of a bounded error.3.
	Describes a TSP encoding which allows solving the problem with A*;
	the heuristic function is based on a 1-tree lowerbound. },
  bdsk-file-1 = {YnBsaXN0MDDUAQIDBAUGCQpYJHZlcnNpb25UJHRvcFkkYXJjaGl2ZXJYJG9iamVjdHMSAAGGoNEHCFRyb290gAFfEA9OU0tleWVkQXJjaGl2ZXKoCwwXGBkdJCVVJG51bGzTDQ4PEBEUViRjbGFzc1dOUy5rZXlzWk5TLm9iamVjdHOAB6ISE4ACgAOiFRaABIAGWWFsaWFzRGF0YVxyZWxhdGl2ZVBhdGjSDRobHFdOUy5kYXRhgAVPEQF6AAAAAAF6AAIAAAxNYWNpbnRvc2ggSEQAAAAAAAAAAAAAAAAAAADCWSTVSCsAAAAcT/8OcG9obC1wcmFjdC5wZGYAAAAAAAAAAAAAAAAAAAAAAAAAAAAAAAAAAAAAAAAAAAAAAAAAAAAAAAAAAAAAAAAAAHD7gMdoSlIAAAAAAAAAAAAGAAIAAAkgAAAAAAAAAAAAAAAAAAAAB0Rlc2t0b3AAABAACAAAwliYNQAAABEACAAAx2evogAAAAEADAAcT/8AHE/qAABwQgACADJNYWNpbnRvc2ggSEQ6VXNlcnM6ZGhhcmFib3I6RGVza3RvcDpwb2hsLXByYWN0LnBkZgAOAB4ADgBwAG8AaABsAC0AcAByAGEAYwB0AC4AcABkAGYADwAaAAwATQBhAGMAaQBuAHQAbwBzAGgAIABIAEQAEgAlVXNlcnMvZGhhcmFib3IvRGVza3RvcC9wb2hsLXByYWN0LnBkZgAAEwABLwAAFQACAA///wAA0h4fICFYJGNsYXNzZXNaJGNsYXNzbmFtZaMhIiNdTlNNdXRhYmxlRGF0YVZOU0RhdGFYTlNPYmplY3RfECguLi8uLi8uLi8uLi8uLi8uLi9EZXNrdG9wL3BvaGwtcHJhY3QucGRm0h4fJieiJyNcTlNEaWN0aW9uYXJ5AAgAEQAaAB8AKQAyADcAOgA/AEEAUwBcAGIAaQBwAHgAgwCFAIgAigCMAI8AkQCTAJ0AqgCvALcAuQI3AjwCRQJQAlQCYgJpAnICnQKiAqUAAAAAAAACAQAAAAAAAAAoAAAAAAAAAAAAAAAAAAACsg==},
  date-added = {2010-01-05 17:04:30 +1100},
  date-modified = {2010-01-05 17:15:54 +1100},
  keywords = {heuristics, tsp, pathfinding}
}

@INPROCEEDINGS{pohl73,
  author = {Ira Pohl},
  title = {The avoidance of (relative) catastrophe, heuristic competence, genuine
	dynamic weighting and computational issues in heuristic problem solving},
  booktitle = {Proceedings of the 3rd International Joint Conference on Artificial
	Intelligence (IJCAI-73)},
  year = {1973},
  editor = {N. J. Nilsson},
  publisher = {William Kaufmann},
  annote = {1. Describes HPA - a weighted variant of A*2. Describes a TSP lowerbound
	that's a variation on Little's TSP lowerbound3. Describes a heuristic
	function that chooses max(Little-LB, 1treeLB)},
  date-added = {2010-01-05 17:17:00 +1100},
  date-modified = {2010-01-05 17:23:05 +1100},
  keywords = {heuristics, pathfinding, tsp}
}

@INCOLLECTION{rabin00,
  author = {Steve Rabin},
  title = {A* Speed Optimizations},
  booktitle = {Game Programming Gems},
  publisher = {Charles River Media},
  year = {2000},
  pages = {272-287},
  annote = {Some discussion on the relative merits of different map discretisations(grids,
	meshes,points-of-visibility). An introduction to heuristicweighting.
	Separating pathfinding data from search space. Memory pre-allocation.Master
	node list (hash table of all nodes on open + closed list) in additon
	to Open. }
}

@ARTICLE{rego01,
  author = {C. Rego},
  title = {Node-ejection chains for the vehicle routing problem: Sequential
	and parallel algorithms},
  journal = {Parallel Computing},
  year = {2001},
  pages = {201-222},
  number = {27},
  annote = {Describes the TABUCHAIN algorithm. Uses a node-based ejection chain
	approach (where an ejection chain is a disjointed multi-level structure
	of neighbouring vertex triples) which features 2 types of trial moves.
	The first keeps the same #  of routes and the second can grow or
	reduce the  # of routes. This is combined with a Tabu Search that
	makes use of both short term and long term memory (through strategic
	oscillation) and a post-optimisation phase that tries to improve
	each individual tour further after a solution to the VRP is found.
	Parallel and sequential implementations are discussed; the former
	is slightly more efficient.},
  date-added = {2009-03-12 16:05:49 +1100},
  date-modified = {2009-03-15 19:10:34 +1100},
  keywords = {ejectionchains, vrp}
}

@ARTICLE{rego98,
  author = {C. Rego},
  title = {A Subpath Ejection method for the Vehicle Routing Problem},
  journal = {Management Science},
  year = {1998},
  volume = {44},
  pages = {1447-1459},
  number = {10},
  annote = {Describes an ejection chain procedure that uses a Flower reference
	structure as a move operator for solving VRPs. Flowers are a variation
	on Stem \& Cycle but do not necessarily produce alternating paths.
	The search algorithm uses a simple low level tabu search for bookkeeping
	(to avoid repeating states) and some higher level tabu search to
	intensify or diversify the search. The latter simply changes the
	tabu tenure of deleted edges combined with frequency analysis of
	deleted and added edges in the solution.
	
	Interestingly, this approach produces solutions within ~1-2.5% of
	the best known but works much faster than the best heuristic algorithms
	of the day.},
  date-added = {2009-03-12 15:26:51 +1100},
  date-modified = {2009-03-12 16:02:45 +1100},
  keywords = {vrp, ejectionchains}
}

@ARTICLE{rego98b,
  author = {C. Rego},
  title = {Relaxed tours and path ejections for the traveling salesman problem},
  journal = {European Journal of Operations Research},
  year = {1998},
  pages = {522-538},
  number = {106},
  annote = {Describes a TSP solver based on Stem\&Cycle and tabu search. 2 algorithms
	are described: P-SEC, which randomly changes roots if no improving
	solutions are found and F-SEC which uses P-SEC but limits the roots
	it may use in a systematic manner to explore the search space more
	thoroughly. Results are very good. F-SEC is reported to dominate
	all other heuristic methods of the day. Also some interesting ideas
	about augmenting S\&C structures into a special type of 1-tree called
	quasi-trees. },
  date-added = {2009-03-12 16:15:20 +1100},
  date-modified = {2009-03-16 23:50:59 +1100},
  keywords = {tsp, ejectionchains}
}

@INCOLLECTION{glover02,
  author = {C. Rego and F. Glover},
  title = {Local Search and Metaheuristics for the Traveling Salesman Problem},
  booktitle = {The Traveling Salesman Problem and its Variations},
  publisher = {Kluwer Academic Publishers},
  year = {2002},
  editor = {G. Gutin and A. Punnen},
  pages = {309-368}
}

@ARTICLE{tsplib,
  author = {Reinelt, Gerhard},
  title = {{TSPLIB--A Traveling Salesman Problem Library}},
  journal = {INFORMS Journal on Computing},
  year = {1991},
  volume = {3},
  pages = {376-384},
  number = {4},
  doi = {10.1287/ijoc.3.4.376}
}

@INPROCEEDINGS{thayer10,
  author = {Silvia Richter and Jordan Tyler Thayer and Wheeler Ruml},
  title = {The Joy of Forgetting: Faster Anytime Search via Restarting},
  booktitle = {ICAPS},
  year = {2010},
  pages = {137-144},
  bibsource = {DBLP, http://dblp.uni-trier.de},
  ee = {http://www.aaai.org/ocs/index.php/ICAPS/ICAPS10/paper/view/1437}
}

@INPROCEEDINGS{rintanen11,
  author = {Jussi Rintanen},
  title = {Planning with SAT, Admissible Heuristics and A*},
  booktitle = {IJCAI},
  year = {2011},
  pages = {2015-2020},
  annote = {Seriously nice paper. Shows IDA* with ANY heuristic is no better
	than DPLL + an SAT encoding of the same heuristic. Also shows unit
	resolution can be faster than A* search because the latter can choose
	(and does not detect) actions sequences that look nice heuristically
	but have effects that conflict with the goal state (i.e. dead ends).},
  ee = {http://ijcai.org/papers11/Papers/IJCAI11-336.pdf}
}

@INPROCEEDINGS{rintannen03,
  author = {Jussi Rintanen},
  title = {Symmetry Reduction for SAT Representations of Transition Systems},
  booktitle = {ICAPS},
  year = {2003},
  pages = {32-41},
  annote = {Identifies symmetries in transtion systems by looking for interchangeable
	objectsin a given schemata (as a preprocessing step). To show a symmetry
	exists, the method must checkthat the truth values of variables are
	invariant wrt. whichever transition-relation is chosen.When a symmetry
	is found, a constraint is posted to break it. This involves defining
	a < orderover the interchangeable objects.Constraints are translated
	to the propositional logic where planning-as-SAT is used to solvethe
	problem.Very similar to shallow pruning in pochter11 but appears
	weaker. }
}

@BOOK{rossi06,
  title = {Handbook of Constraint Programming},
  publisher = {Elsevier Science Inc.},
  year = {2006},
  author = {Rossi, Francesca and Beek, Peter van and Walsh, Toby},
  address = {New York, NY, USA},
  isbn = {0444527265}
}

@INBOOK{russel03,
  title = {Artificial Intelligence: A Modern Approach},
  publisher = {Prentice-Hall, Englewood Cliffs, NJ},
  year = {2003},
  author = {Stuart Russell and Peter Norvig},
  edition = {2nd edition}
}

@INPROCEEDINGS{samet08,
  author = {Hanan Samet and Jagan Sankaranarayanan andHouman Alborzi},
  title = {Scalable network distance browsing in spatial databases},
  booktitle = {SIGMOD Conference},
  year = {2008},
  pages = {43-54},
  annote = { Applies first-move spatial databases to solving k-nearest-neighbour.
	Gives a novel kNN method that locates neighbours using branch-and-bound.
	Distance bounds are computed wrt minimum and maximum distances from
	each node to blocks in a quadtree decomposition. Distances are gradually
	refined and many candidates can be eliminated early. As an added
	bonus the alogorithm can terminate before fully refining every path!
	Quite neat and works much nicer than kNN over just the set of low-level
	nodes in the spatial network.},
  ee = {http://doi.acm.org/10.1145/1376616.1376623}
}

@INPROCEEDINGS{sanka05,
  author = {Jagan Sankaranarayanan and Houman Alborzi and Hanan Samet},
  title = {Efficient query processing on spatial networks},
  booktitle = {GIS},
  year = {2005},
  pages = {200-209},
  annote = { Describes first-move spatial databases in terms of node coloring.
	For each SSSP, every node in the network is assigned a color corresponding
	to the optimal out-edge from the source. Motivates the use of such
	data structures by pointing out their flexibilty for solving a range
	of spatial queries (shorest paths, range queries, incremental k-nearest-neighbour,
	distance join/sem-join). Neat idea + well written.},
  ee = {http://doi.acm.org/10.1145/1097064.1097093}
}

@ARTICLE{savelsbergh85,
  author = {Savelsbergh, M.W},
  title = {Local search in routing problems with time windows},
  journal = {Annals of Operations Research},
  year = {1985},
  volume = {4},
  pages = {285-305},
  number = {1},
  annote = {Proof that getting an initial solution to VRPTW is equivalent to
	a 3-PARTITION problem which is NP-hard; The broader VRPTW is shown
	to be NP-Complete.}
}

@INPROCEEDINGS{shaw98,
  author = {P. Shaw},
  title = {Using Constraint Programming and Local Search Methods to Solve Vehicle
	Routing Problems},
  booktitle = {CP},
  year = {1998},
  pages = {417-431},
  annote = {Large neighbourhood search paper.},
  bibsource = {DBLP, http://dblp.uni-trier.de},
  ee = {http://link.springer.de/link/service/series/0558/bibs/1520/15200417.htm}
}

@INCOLLECTION{snook00,
  author = {Greg Snook},
  title = {Simplified 3D Movement and. Pathfinding Using Navigation Meshes},
  booktitle = {Game Programming Gems},
  publisher = {Charles River Media},
  year = {2000},
  pages = {288-304}
}

@ARTICLE{solomon87,
  author = {M. Solomon},
  title = {Algorithms for the vehicle routing and scheduling problem with time
	window constraints},
  journal = {Operations Research},
  year = {1987},
  volume = {35},
  pages = {254-265},
  annote = {Seems to be the original paper describing insertion-based heuristics
	for tour construction (in the context of TSPTW)},
  date-modified = {2010-01-05 16:51:02 +1100},
  keywords = {vrp}
}

@CONFERENCE{sontrop05,
  author = {Herman Sontrop and Pieter van der Horn and Mark Uetz},
  title = {Fast Ejection Chain Algorithms for Vehicle Routing With Time Windows},
  booktitle = {Workshop on Hybrid Metaheuristics},
  year = {2005},
  editor = {M. J. Blesa and C. Blum and A. Roli and M. Sampels},
  number = {3636},
  series = {LNCS},
  pages = {78-89},
  publisher = {Springer-Verlag},
  annote = {Deals with VRPTW which are modeled as directed graphs with asymmetric
	transition costs. Proposes a new Stem\&Cycle reference structure,
	a Constrained Doubly Rooted (CDR) structure for generating moves
	between solutions. The method is ejection-chain based and 5 rules
	are provided for going from a feasible solution to a CDR, from CDR
	to CDR and from CDR to a feasible solution. Iterated Local Search
	guides the generation of the ejection chains and is combined with
	a Tabu Search of some description. CDRs are further generalised for
	undirected VRPs, giving the GDR reference structure.
	
	Seems to work well enough.},
  date-added = {2009-02-26 17:22:38 +1100},
  date-modified = {2010-02-02 00:33:36 +1100},
  keywords = {vrp, ejectionchains}
}

@INPROCEEDINGS{smvu07,
  author = {Australian Bureau of Statistics},
  title = {Survey of Motor Vehicle Use},
  booktitle = {Cat. no. 9208.0},
  year = {2007},
  address = {Canberra},
  publisher = {ABS}
}

@ARTICLE{sturtevant2012benchmarks,
  author = {Sturtevant, N.},
  title = {Benchmarks for Grid-Based Pathfinding},
  journal = {Transactions on Computational Intelligence and AI in Games},
  year = {2012}
}

@INPROCEEDINGS{sturtevant07,
  author = {Nathan R. Sturtevant},
  title = {Memory-Efficient Abstractions for Pathfinding},
  booktitle = {AIIDE},
  year = {2007},
  pages = {31-36}
}

@INPROCEEDINGS{sturtevant10b,
  author = {Nathan R. Sturtevant and Vadim Bulitko and Yngvi Bj{\"o}rnsson},
  title = {On learning in agent-centered search},
  booktitle = {AAMAS},
  year = {2010},
  pages = {333-340},
  ee = {http://doi.acm.org/10.1145/1838206.1838253}
}

@INPROCEEDINGS{sturtevant05,
  author = {Nathan R. Sturtevant and Michael Buro},
  title = {Partial Pathfinding Using Map Abstraction and Refinement},
  booktitle = {AAAI},
  year = {2005},
  pages = {1392-1397}
}

@INPROCEEDINGS{sturtevant09,
  author = {Nathan R. Sturtevant and Ariel Felner and Max Barrer and Jonathan
	Schaeffer and Neil Burch},
  title = {Memory-Based Heuristics for Explicit State Spaces},
  booktitle = {IJCAI},
  year = {2009},
  pages = {609-614},
  annote = {Canonical and Differential Heuristics. Similar to ALT; requires preprocessing
	distances to some nearby nodes deemed important then computing and
	storing APSP over the important nodes.}
}

@INPROCEEDINGS{sturtevant10,
  author = {Nathan R. Sturtevant and Robert Geisberger},
  title = {A Comparison of High-Level Approaches for Speeding Pathfinding},
  booktitle = {AIIDE},
  year = {2010},
  pages = {76-82}
}

@INPROCEEDINGS{sun09,
  author = {Xiaoxun Sun and William Yeoh and Po-An Chen and Sven Koenig},
  title = {Simple optimization techniques for A*-based search},
  booktitle = {AAMAS (2)},
  year = {2009},
  pages = {931-936},
  annote = {Avoids placing successors on the open list when their f-value is
	equal to the current node or if f-value of the smallest successor
	is better than the f-value of the node at the top of the open list.},
  ee = {http://doi.acm.org/10.1145/1558109.1558141}
}

@INPROCEEDINGS{surazhsky05,
  author = {Surazhsky, Vitaly and Surazhsky, Tatiana and Kirsanov, Danil and
	Gortler, Steven J. and Hoppe, Hugues},
  title = {Fast exact and approximate geodesics on meshes},
  booktitle = {SIGGRAPH},
  year = {2005},
  pages = {553--560},
  annote = {Implements mitchell87 and shows running time is much betterthan theoretical
	quadratic worst-case. Also develops a bounded suboptimalvariant that
	mergesoverlapping intervals from the same edge-face pair.Finally,
	the approximation approach is used to build a heuristic for theproblem-at-hand
	so that A* can be used to answer arbitrary (s, t) queries.},
  doi = {10.1145/1186822.1073228},
  numpages = {8}
}

@INPROCEEDINGS{taylor93,
  author = {Larry A. Taylor and Richard E. Korf},
  title = {Pruning Duplicate Nodes in Depth-First Search},
  booktitle = {AAAI},
  year = {1993},
  pages = {756-761},
  annote = {Excellent paper that describes a mechanism for the automatic construction
	of duplictae-detecting FSMs. An "exploratory" BFS is initially performed
	over the search space up to some max depth. The BFS tree is analysed
	in order to identify duplicate nodes s.t. if a node is found via
	two distinct paths, only one path is kept: the one which respects
	some given operator ordering. The sequence of operators on the other
	(rejected) path are used to construct a duplicate-detecting automaton.
	Any time a node is reached via some path in this automaton it can
	be pruned because an alternative path exists that respects operator
	ordering. }
}

@INCOLLECTION{tozour02,
  author = {Paul Tozour},
  title = {AI Game Programming Wisdom 2},
  booktitle = {Search Space Representations},
  publisher = {Charles River Media},
  year = {2002},
  editor = {Steve Rabin},
  pages = {85-113}
}

@INPROCEEDINGS{walsh07,
  author = {Toby Walsh},
  title = {Breaking Value Symmetries},
  booktitle = {CP},
  year = {2007},
  pages = {880-888}
}

@ARTICLE{wang11,
  author = {Ko-Hsin Cindy Wang and Adi Botea},
  title = {MAPP: a Scalable Multi-Agent Path Planning Algorithm with Tractability
	and Completeness Guarantees},
  journal = {J. Artif. Intell. Res. (JAIR)},
  year = {2011},
  volume = {42},
  pages = {55-90},
  annote = { Improves wang09 in several ways: relaxes target isolation, facilitates
	crossing single-width tunnels and improves makespan by reducing the
	numberof reposition operations. Solves ~99\% of random 2000-agent
	problems on various large BG maps. Also gives some low poly bounds
	on solution length andmemory use. The approach is complicated but
	the results are seriously nice. },
  ee = {http://dx.doi.org/10.1613/jair.3370}
}

@INPROCEEDINGS{wang09,
  author = {Ko-Hsin Cindy Wang and Adi Botea},
  title = {Tractable Multi-Agent Path Planning on Grid Maps},
  booktitle = {IJCAI},
  year = {2009},
  pages = {1870-1875},
  annote = { Theoretical description of the MAPP algorithm and the SLIDABLE class
	of multi-agent problems. Each such problem is guaranteed to have
	a solution by maintaining always an empty node (the blank) in a location
	immediately adjacent to the current unit. This ensures other units
	can always be pushed aside in order to advance toward the goal. A
	total ordering over units, an alternate connectivity criteria (for
	sequences of triples appearing on the goal path) and some repositioning
	round things out. Nice work.}
}

@INPROCEEDINGS{wang08,
  author = {Ko-Hsin Cindy Wang and Adi Botea},
  title = {Fast and Memory-Efficient Multi-Agent Pathfinding},
  booktitle = {ICAPS},
  year = {2008},
  pages = {380-387}
}

@INPROCEEDINGS{wehrle12,
  author = {Martin Wehrle and Matle Helmert},
  title = {About Partial Order Reduction in Planning and Computer Aided Verification},
  booktitle = {ICAPS},
  year = {2012},
  annote = {Quasi lit-review of partial-order reductions for planning. Shows
	an equivalence between Stubborn Setsand Expansion Core (+ corrects
	some errors in the latter). Also proves there is a strict dominancebetween
	some other known partial orderings: Sleep Sets > Commutativity Pruning
	> Stratified Planning. }
}

@ARTICLE{yakovlev10,
  author = {Yakovlev, K. S.},
  title = {HGA*, an efficient algorithm for path planning in a plane},
  journal = {J. Sci. Tech. Inf. Process.},
  year = {2010},
  volume = {37},
  pages = {438--447},
  month = {December},
  annote = { Pathfinds by assuming no obstacles. When search hits an obstacle
	it splits and crawls along perimeter of obstacle until a move in
	thedirection of the goal is possible. This node is generated. Process
	is repeated, each time assuming the direct path betweenthe latest
	successorand the goal is traversable. Kind of similar to jump points
	but the approach is suboptimal.},
  doi = {http://dx.doi.org/10.3103/S0147688210060092},
  issn = {0147-6882},
  issue = {6},
  issue_date = {December 2010}
}

@INPROCEEDINGS{yap02,
  author = {Peter Yap},
  title = {Grid-Based Path-Finding},
  booktitle = {Canadian AI},
  year = {2002},
  pages = {44-55}
}

@INCOLLECTION{young01a,
  author = {Thomas Young},
  title = {Expanded Geometry for Points-of-Visibility Pathfinding},
  booktitle = {Game Programming Gems 2},
  publisher = {Charles River Media},
  year = {2001},
  pages = {317-323},
  annote = {Expands the positive space of an environment by taking aMinknowski
	sum of all convex obstacle polys and a convex bounding shapefor an
	agent. A POV graph is built using the new expanded geometry.Nice
	because any point outside the positive space is guaranteed tohave
	sufficient clearance for the unit. Appears complete too.Assumption:
	agent collision mesh does not rotate or is rotationallysymmetric.
	}
}

@INCOLLECTION{young01b,
  author = {Thomas Young},
  title = {Optimizing Points-of-Visibility Pathfinding},
  booktitle = {Game Programming Gems 2},
  publisher = {Charles River Media},
  year = {2001},
  pages = {324-329},
  annote = {Improves basic POV approach by pruning nodes during search.Only considers
	"Silhouette Points" which are on a tangent between twoobstacles.
	Also discards any neighbours that do not involve "roundinga corner"
	as the path to these neighbours is suboptimal.Assumptions: a straight
	path exists between the current node and the prunedneighbour. Extra
	checks are probably needed to determine this but suchan extension
	is not described. Hmm. }
}

@INPROCEEDINGS{zhou03,
  author = {Rong Zhou and Eric A. Hansen},
  title = {Sparse-Memory Graph Search},
  booktitle = {IJCAI},
  year = {2003},
  pages = {1259-1268},
  annote = {Proposes a mechanism for pruning the closed list. When the memory
	limit is reached, all nodes from closed are deleted except special
	"relay" nodes (which have ungenerated predecessors). The parent of
	every node on open is modified mapped to such an ancentral relay
	node (possibly the start state) and the search continues. When the
	goal is found a sparse path, consisting of relay nodes, is returned
	and must be refined via further search. }
}

@BOOK{toth01,
  title = {The vehicle routing problem},
  publisher = {Society for Industrial and Applied Mathematics},
  year = {2001},
  editor = {Paolo Toth and Daniele Vigo},
  address = {Philadelphia, PA, USA}
}

