../aiide10/references.bib